@INPROCEEDINGS{buffer, 
author={A. {Benoit} and J. {Nicod} and V. {Rehn-Sonigo}}, 
booktitle={2014 IEEE International Parallel Distributed Processing Symposium Workshops}, 
title={Optimizing Buffer Sizes for Pipeline Workflow Scheduling with Setup Times}, 
year={2014}, 
volume={}, 
number={}, 
pages={662-670}, 
doi={10.1109/IPDPSW.2014.77}, 
ISSN={}, 
month={May},}

@article{grppi,
author = {Astorga, David and Dolz, Manuel F. and Fernández, Javier and García, José},
year = {2017},
month = {05},
pages = {e4175-n/a},
title = {A generic parallel pattern interface for stream and data processing},
journal = {Concurrency and Computation: Practice and Experience},
doi = {10.1002/cpe.4175}
}
